<?xml version="1.0" encoding="UTF-8"?><collection xmlns="http://www.loc.gov/MARC21/slim"><record><leader>00716nam--2200205-i-4500</leader><controlfield tag="001">000020499</controlfield><controlfield tag="002">20161230</controlfield><controlfield tag="005">20170118190157</controlfield><controlfield tag="008">060222s1000------------r-----000-0-eng-d</controlfield><datafield ind1=" " ind2=" " tag="020"><subfield code="a">3540574158</subfield></datafield><datafield ind1=" " ind2=" " tag="040"><subfield code="a">IFIN-HH</subfield></datafield><datafield ind1=" " ind2=" " tag="080"><subfield code="a">538.915(061.3)</subfield></datafield><datafield ind1="1" ind2=" " tag="100"><subfield code="a">Kuzmany, H</subfield></datafield><datafield ind1="1" ind2="0" tag="245"><subfield code="a">Electronic properties of fullerenes</subfield><subfield code="b">Proceedings of the International Winterschool on Electronic Properties of Novel Materials, Kirchberg, Tirol, March 6-13, 1993</subfield><subfield code="c">H.Kuzmany, J.Fink, M.Mehring, S.Roth (eds.)</subfield></datafield><datafield ind1=" " ind2=" " tag="260"><subfield code="a">Berlin</subfield><subfield code="b">Springer-Verlag</subfield><subfield code="c">1993</subfield></datafield><datafield ind1=" " ind2=" " tag="300"><subfield code="a">XIII+436 p</subfield></datafield><datafield ind1=" " ind2=" " tag="490"><subfield code="a">Springer Series In Solid-state Sciences</subfield><subfield code="v">Vol. 117</subfield></datafield><datafield ind1="1" ind2=" " tag="700"><subfield code="a">Roth, S</subfield><subfield code="e">Ed</subfield></datafield><datafield ind1=" " ind2=" " tag="852"><subfield code="a">46526</subfield><subfield code="c">539.2</subfield></datafield><datafield ind1=" " ind2=" " tag="CAT"><subfield code="a">SYS</subfield><subfield code="c">20170118</subfield><subfield code="h">190157</subfield></datafield></record></collection>